@inproceedings{goldfarb2009solving,
  title={Solving low-rank matrix completion problems efficiently},
  author={Goldfarb, Donald and Ma, Shiqian and Wen, Zaiwen},
  booktitle={Communication, Control, and Computing, 2009. Allerton 2009. 47th Annual Allerton Conference on},
  pages={1013--1020},
  year={2009},
  organization={IEEE}
}
@article{wen2009row,
  title={Row by row methods for semidefinite programming},
  author={Wen, Zaiwen and Goldfarb, Donald and Ma, Shiqian and Scheinberg, Katya},
  journal={Industrial Engineering},
  pages={1--21},
  year={2009}
}
@article{ma2011fixed,
  title={Fixed point and Bregman iterative methods for matrix rank minimization},
  author={Ma, Shiqian and Goldfarb, Donald and Chen, Lifeng},
  journal={Mathematical Programming},
  volume={128},
  number={1-2},
  pages={321--353},
  year={2011},
  publisher={Springer}
}
@article{recht2010guaranteed,
  title={Guaranteed minimum-rank solutions of linear matrix equations via nuclear norm minimization},
  author={Recht, Benjamin and Fazel, Maryam and Parrilo, Pablo A},
  journal={SIAM review},
  volume={52},
  number={3},
  pages={471--501},
  year={2010},
  publisher={SIAM}
}
@article{candes2010power,
  title={The power of convex relaxation: Near-optimal matrix completion},
  author={Cand{\`e}s, Emmanuel J and Tao, Terence},
  journal={IEEE Transactions on Information Theory},
  volume={56},
  number={5},
  pages={2053--2080},
  year={2010},
  publisher={IEEE}
}
 @misc{ wiki:svd,
   author = "Wikipedia",
   title = "Singular value decomposition --- Wikipedia{,} The Free Encyclopedia",
   year = "2016",
   url = "https://en.wikipedia.org/w/index.php?title=Singular_value_decomposition&oldid=756235070",
   note = "[Online; accessed 22-December-2016]"
 }
 @article{watson1992characterization,
  title={Characterization of the subdifferential of some matrix norms},
  author={Watson, G Alistair},
  journal={Linear algebra and its applications},
  volume={170},
  pages={33--45},
  year={1992},
  publisher={Elsevier}
}
@article{natarajan1995sparse,
  title={Sparse approximate solutions to linear systems},
  author={Natarajan, Balas Kausik},
  journal={SIAM journal on computing},
  volume={24},
  number={2},
  pages={227--234},
  year={1995},
  publisher={SIAM}
}
@book{schatten2013norm,
  title={Norm ideals of completely continuous operators},
  author={Schatten, Robert},
  volume={27},
  year={2013},
  publisher={Springer-Verlag}
}
@book{meyer2000matrix,
  title={Matrix analysis and applied linear algebra},
  author={Meyer, Carl D},
  volume={2},
  year={2000},
  publisher={Siam}
}
@book{yuan2008nonliner,
  title={非线性优化计算方法},
  author={袁亚湘},
  year={2008},
  publisher={科学出版社}
}
@book{horn2012matrix,
  title={Matrix analysis},
  author={Horn, Roger A and Johnson, Charles R},
  year={2012},
  publisher={Cambridge university press}
}
@article{drineas2006fast,
  title={Fast Monte Carlo algorithms for matrices II: Computing a low-rank approximation to a matrix},
  author={Drineas, Petros and Kannan, Ravi and Mahoney, Michael W},
  journal={SIAM Journal on Computing},
  volume={36},
  number={1},
  pages={158--183},
  year={2006},
  publisher={SIAM}
}